@misc{Nosov2019-3,
    author       = {{Носов М.А.}},
    title        = {Основы геофизики. Лекция 3},
    year         = {2019},
    howpublished = "\url{https://teach-in.ru/lecture/2019-02-25-Nosov}",
    language     = {russian},
}
@misc{Nosov2019-5,
    author       = {{Носов М.А.}},
    title        = {Основы геофизики. Лекция 5},
    year         = {2019},
    howpublished = "\url{https://teach-in.ru/lecture/2019-03-11-Nosov}",
    language     = {russian},
}
@misc{Nosov2019-6,
    author       = {{Носов М.А.}},
    title        = {Основы геофизики. Лекция 6},
    year         = {2019},
    howpublished = "\url{https://teach-in.ru/lecture/2019-03-18-Nosov}",
    language     = {russian},
}
@misc{Носов-2019-7,
    author       = {{Носов М.А.}},
    title        = {Основы геофизики. Лекция 7},
    year         = {2019},
    howpublished = "\url{https://teach-in.ru/lecture/2019-03-25-Nosov}",
    language     = {russian},
}
@misc{Носов-2019-13,
    author       = {{Носов М.А.}},
    title        = {Основы геофизики. Лекция 13},
    year         = {2019},
    howpublished = "\url{https://teach-in.ru/lecture/2019-05-06-Nosov}",
    language     = {russian},
}
@misc{Носов-2019-14,
    author       = {{Носов М.А.}},
    title        = {Основы геофизики. Лекция 14},
    year         = {2019},
    howpublished = "\url{https://teach-in.ru/lecture/2019-05-13-Nosov}",
    language     = {russian},
}
@misc{Gorbachev2018-1,
    author       = {{Горбачев В.И.}},
    title        = {Основы механики сплошных сред. Лекция 1},
    year         = {2018},
    howpublished = "\url{https://youtu.be/MAGOe89r_CU}",
    language     = {russian},
}
@book{Ландау-Лившиц-1986,
    author    = {{Ландау Л.Д., Лившиц Е.М.}},
    title     = {Гидродинамика},
    publisher = {Физматлит},
    year      = {1986},
    series    = {Теоретическая физика},
    volume    = {6},
    language  = {russian},
}
@book{Носов-2013,
    author    = {{Носов М.А.}},
    title     = {Лекции по теории турбулентности},
    publisher = {Янус-К},
    address   = {М.},
    year      = {2013},
    language  = {russian},
}
@misc{Носов-2021,
    author    = {{Носов М.А.}},
    title     = {Физическое и математическое моделирование процессов в геосредах},
    year      = {2021},
    language  = {russian},
}
@misc{Белоненко-Новоселова-2019,
    author       = {{Белоненко Т.В., Новоселова Е.В.}},
    title        = {Методы оценки бароклинного радиуса деформации Россби: учебное пособие},
    year         = {2019},
    howpublished = {СПБГУ},
    language     = {russian},
}
@book{Доронин-1978,
    author    = {{Доронин Ю.П.}},
    title     = {Физика океана},
    publisher = {Гидрометеоиздат},
    address   = {Л.},
    year      = {1978},
    language  = {russian},
}
@misc{Должанский-2006,
    author       = {{Должанский В.Ф.}},
    title        = {Лекции по геофизической гидродинамике},
    year         = {2006},
    howpublished = {МФТИ},
    language     = {russian},
}
@book{Гольдштейн-Городцов-2000,
    author    = {{Гольдштейн Р.В., Городцов В.А}},
    title     = {Механика сплошных сред. Курс лекций. Часть 1},
    publisher = {Физматлит},
    address   = {М.},
    year      = {2000},
    language  = {russian},
}
@book{Переведенцев-Мохов-2013,
    author    = {{Переведенцев Ю.П., Мохов И.И., Елисеев А.В.}},
    title     = {Теория общей циркуляции атмосферы: учебное пособие},
    publisher = {Казан. ун-т},
    address   = {Казань},
    year      = {2013},
    pages     = {224},
    language  = {russian},
}
@book{Кашлева-2008,
    author    = {{Кашлева Л.В.}},
    title     = {Атмосферное электричество: учебное пособие},
    publisher = {РГГМУ},
    address   = {СПб.},
    year      = {2008},
    pages     = {116},
    language  = {russian},
}
@book{Морозов-2011,
    author    = {{Морозов В.Н.}},
    title     = {Математическое моделирование атмосферно-электрических процессов с учётом влияния аэрозольных частиц и радиоактивных веществ},
    publisher = {РГГМУ},
    address   = {СПб.},
    year      = {2011},
    pages     = {253},
    language  = {russian},
}
@book{Лобанов-2018,
    author    = {{Лобанов В.А.}},
    title     = {Лекции по климатологии. Ч. 2. Динамика климата},
    publisher = {РГГМУ},
    address   = {СПб.},
    year      = {2018},
    pages     = {377},
    language  = {russian},
}
@article{Елисеев-2017,
    author  = {{Елисеев А.В.}},
    title   = {{Глобальный цикл CO2: основные процессы и взаимодействие с климатом}},
    journal = {Фундаментальная и прикладная климатология},
    year    = {2017},
    volume  = {4},
    pages   = {9-31},
    doi     = {10.21513/2410-8758-2017-4-9-31},
}
